<?xml version="1.0" encoding="UTF-8"?><collection xmlns="http://www.loc.gov/MARC21/slim"><record><leader>00550nam--2200193-i-4500</leader><controlfield tag="001">000010592</controlfield><controlfield tag="002">20161230</controlfield><controlfield tag="005">20161230201028</controlfield><controlfield tag="008">060222s1000------------r-----000-0-eng-d</controlfield><datafield ind1=" " ind2=" " tag="040"><subfield code="a">IFIN-HH</subfield></datafield><datafield ind1=" " ind2=" " tag="080"><subfield code="a">519.283</subfield></datafield><datafield ind1="1" ind2=" " tag="100"><subfield code="a">Dresher, M</subfield></datafield><datafield ind1="1" ind2="0" tag="245"><subfield code="a">Advances in game theory</subfield><subfield code="c">M. dresher, l.s. shapley, a.w. tucker</subfield></datafield><datafield ind1=" " ind2=" " tag="260"><subfield code="a">Princeton, New Jersey</subfield><subfield code="b">Princeton University Press</subfield><subfield code="c">1964</subfield></datafield><datafield ind1=" " ind2=" " tag="300"><subfield code="a">679 P</subfield></datafield><datafield ind1=" " ind2=" " tag="490"><subfield code="a">Annals Of Mathematics Studies Number 52</subfield></datafield><datafield ind1="1" ind2=" " tag="700"><subfield code="a">Tucker, A.W</subfield></datafield><datafield ind1=" " ind2=" " tag="852"><subfield code="a">38322</subfield><subfield code="c">519.283</subfield></datafield><datafield ind1=" " ind2=" " tag="CAT"><subfield code="a">Sys</subfield><subfield code="c">20130807</subfield><subfield code="h">163841</subfield></datafield></record></collection>